@article{BaNoRi:2000,
  author     = "V. Barthelmann and E. Novak and K. Ritter",
  title      = "High dimensional polynomial interpolation on sparse grids",
  journal    = "Advances in Computational Mathematics",
  volume     = "12",
  year       = "2000",
  pages      = "273--288"
}


@article {ClCu:1960,
    AUTHOR = {Clenshaw, C. W. and Curtis, A. R.},
     TITLE = {A method for numerical integration on an automatic computer},
   JOURNAL = {Numer. Math.},
  FJOURNAL = {Numerische Mathematik},
    VOLUME = {2},
      YEAR = {1960},
     PAGES = {197--205},
      ISSN = {0029-599X,0945-3245},
   MRCLASS = {65.00},
  MRNUMBER = {117885},
MRREVIEWER = {A.\ H.\ Stroud},
       DOI = {10.1007/BF01386223},
       URL = {https://doi.org/10.1007/BF01386223},
}

@article {KlBa:2005,
    AUTHOR = {Klimke, Andreas and Wohlmuth, Barbara},
     TITLE = {Algorithm 847: spinterp: piecewise multilinear hierarchical
              sparse grid interpolation in {MATLAB}},
   JOURNAL = {Association for Computing Machinery. Transactions on
              Mathematical Software},
    VOLUME = {31},
      YEAR = {2005},
    NUMBER = {4},
     PAGES = {561--579},
      ISSN = {0098-3500},
   MRCLASS = {65D17 (41A05)},
  MRNUMBER = {2272346},
       DOI = {10.1145/1114268.1114275},
       URL = {https://doi.org/10.1145/1114268.1114275},
}


@article {MaNi:2009,
    AUTHOR = {Ma, Xiang and Zabaras, Nicholas},
     TITLE = {An adaptive hierarchical sparse grid collocation algorithm for
              the solution of stochastic differential equations},
   JOURNAL = {Journal of Computational Physics},
    VOLUME = {228},
      YEAR = {2009},
    NUMBER = {8},
     PAGES = {3084--3113},
      ISSN = {0021-9991},
   MRCLASS = {65C30 (60H40)},
  MRNUMBER = {2509309},
MRREVIEWER = {Christian F. Roth},
       DOI = {10.1016/j.jcp.2009.01.006},
       URL = {https://doi.org/10.1016/j.jcp.2009.01.006},
}


@article {NoTeWe:2008,
    AUTHOR = {Nobile, F. and Tempone, R. and Webster, C. G.},
     TITLE = {A sparse grid stochastic collocation method for partial
              differential equations with random input data},
   JOURNAL = {SIAM Journal on Numerical Analysis},
    VOLUME = {46},
      YEAR = {2008},
    NUMBER = {5},
     PAGES = {2309--2345},
      ISSN = {0036-1429,1095-7170},
   MRCLASS = {65N30},
  MRNUMBER = {2421037},
       DOI = {10.1137/060663660},
       URL = {https://doi.org/10.1137/060663660},
}


@article {PeWiGu:2016,
    AUTHOR = {Peherstorfer, Benjamin and Willcox, Karen and Gunzburger, Max},
     TITLE = {Optimal model management for multifidelity {M}onte {C}arlo
              estimation},
   JOURNAL = {SIAM J. Sci. Comput.},
  FJOURNAL = {SIAM Journal on Scientific Computing},
    VOLUME = {38},
      YEAR = {2016},
    NUMBER = {5},
     PAGES = {A3163--A3194},
      ISSN = {1064-8275,1095-7197},
   MRCLASS = {65C05},
  MRNUMBER = {3553938},
MRREVIEWER = {Ad\ Ridder},
       DOI = {10.1137/15M1046472},
       URL = {https://doi.org/10.1137/15M1046472},
}




@article {TeJaWe:2015,
    AUTHOR = {Teckentrup, A. L. and Jantsch, P. and Webster, C. G. and
              Gunzburger, M.},
     TITLE = {A multilevel stochastic collocation method for partial
              differential equations with random input data},
   JOURNAL = {SIAM/ASA Journal on Uncertainty Quantification},
    VOLUME = {3},
      YEAR = {2015},
    NUMBER = {1},
     PAGES = {1046--1074},
      ISSN = {2166-2525},
   MRCLASS = {65N75 (65N35 65T50 65T60)},
  MRNUMBER = {3416136},
MRREVIEWER = {Brian\ Bradie},
       DOI = {10.1137/140969002},
       URL = {https://doi.org/10.1137/140969002},
}



@book {Xiu:2010,
    AUTHOR = {Xiu, Dongbin},
     TITLE = {Numerical Methods for Stochastic Computations},
      NOTE = {A spectral method approach},
 PUBLISHER = {Princeton University Press, Princeton, NJ},
      YEAR = {2010},
     PAGES = {xiv+127},
      ISBN = {978-0-691-14212-8},
   MRCLASS = {60-08 (34F05 60H35 65C30)},
  MRNUMBER = {2723020},
MRREVIEWER = {Peter Math\'{e}},
}