@article {ChYaMo:2024,
    AUTHOR = {Chaiblaine, Yacine and Moula\"i, Mustapha},
     TITLE = {An exact method for solving the integer sum of linear ratios
              problem},
   JOURNAL = {Optimization},
  FJOURNAL = {Optimization. A Journal of Mathematical Programming and
              Operations Research},
    VOLUME = {73},
      YEAR = {2024},
    NUMBER = {2},
     PAGES = {461--479},
      ISSN = {0233-1934,1029-4945},
   MRCLASS = {90C32 (90C10 90C57)},
  MRNUMBER = {4703597},
MRREVIEWER = {Ritu\ Arora},
       DOI = {10.1080/02331934.2022.2112190},
       URL = {https://doi.org/10.1080/02331934.2022.2112190},
}

@article {ChCo:1962,
    AUTHOR = {Charnes, A. and Cooper, W. W.},
     TITLE = {Programming with linear fractional functionals},
   JOURNAL = {Naval Res. Logist. Quart.},
  FJOURNAL = {Naval Research Logistics Quarterly},
    VOLUME = {9},
      YEAR = {1962},
     PAGES = {181--186},
      ISSN = {0028-1441},
   MRCLASS = {90.58 (90.50)},
  MRNUMBER = {152370},
MRREVIEWER = {J.\ R.\ Isbell},
       DOI = {10.1002/nav.3800090303},
       URL = {https://doi.org/10.1002/nav.3800090303},
}

@article {GrGuJuWa:2023,
    AUTHOR = {Gruber, Anthony and Gunzburger, Max and Ju, Lili and Wang,
              Zhu},
     TITLE = {A multifidelity {M}onte {C}arlo method for realistic
              computational budgets},
   JOURNAL = {Journal of Scientific Computing},
  FJOURNAL = {Journal of Scientific Computing},
    VOLUME = {94},
      YEAR = {2023},
    NUMBER = {1},
     PAGES = {Paper No. 2, 18},
      ISSN = {0885-7474,1573-7691},
   MRCLASS = {65C05 (62K05 90C11 90C90)},
  MRNUMBER = {4514153},
MRREVIEWER = {Peng\ Hao},
       DOI = {10.1007/s10915-022-02051-y},
       URL = {https://doi.org/10.1007/s10915-022-02051-y},
}


@article {PeGuWi:2018,
    AUTHOR = {Peherstorfer, Benjamin and Gunzburger, Max and Willcox, Karen},
     TITLE = {Convergence analysis of multifidelity {M}onte {C}arlo
              estimation},
   JOURNAL = {Numerische Mathematik},
  FJOURNAL = {Numerische Mathematik},
    VOLUME = {139},
      YEAR = {2018},
    NUMBER = {3},
     PAGES = {683--707},
      ISSN = {0029-599X,0945-3245},
   MRCLASS = {65C05 (35R60)},
  MRNUMBER = {3814609},
MRREVIEWER = {Peter\ Math\'e},
       DOI = {10.1007/s00211-018-0945-7},
       URL = {https://doi.org/10.1007/s00211-018-0945-7},
}

@incollection{YuFe:2014,
title = {Reformulation-linearization Method for Global Optimization of Mixed Integer Linear Fractional Programming Problems with Application on Sustainable Batch Scheduling},
editor = {Jiří Jaromír Klemeš and Petar Sabev Varbanov and Peng Yen Liew},
series = {Computer Aided Chemical Engineering},
publisher = {Elsevier},
volume = {33},
pages = {949-954},
year = {2014},
booktitle = {24th European Symposium on Computer Aided Process Engineering},
issn = {1570-7946},
doi = {https://doi.org/10.1016/B978-0-444-63456-6.50159-9},
url = {https://www.sciencedirect.com/science/article/pii/B9780444634566501599},
author = {Dajun Yue and Fengqi You},
keywords = {reformulation-linearization, mixed-integer linear fractional programming, MILFP, sustainable scheduling},
}