@article {ChYaMo:2024,
    AUTHOR = {Chaiblaine, Yacine and Moula\"i, Mustapha},
     TITLE = {An exact method for solving the integer sum of linear ratios
              problem},
   JOURNAL = {Optimization},
  FJOURNAL = {Optimization. A Journal of Mathematical Programming and
              Operations Research},
    VOLUME = {73},
      YEAR = {2024},
    NUMBER = {2},
     PAGES = {461--479},
      ISSN = {0233-1934,1029-4945},
   MRCLASS = {90C32 (90C10 90C57)},
  MRNUMBER = {4703597},
MRREVIEWER = {Ritu\ Arora},
       DOI = {10.1080/02331934.2022.2112190},
       URL = {https://doi.org/10.1080/02331934.2022.2112190},
}

@article {ChCo:1962,
    AUTHOR = {Charnes, A. and Cooper, W. W.},
     TITLE = {Programming with linear fractional functionals},
   JOURNAL = {Naval Res. Logist. Quart.},
  FJOURNAL = {Naval Research Logistics Quarterly},
    VOLUME = {9},
      YEAR = {1962},
     PAGES = {181--186},
      ISSN = {0028-1441},
   MRCLASS = {90.58 (90.50)},
  MRNUMBER = {152370},
MRREVIEWER = {J.\ R.\ Isbell},
       DOI = {10.1002/nav.3800090303},
       URL = {https://doi.org/10.1002/nav.3800090303},
}

@incollection{YuFe:2014,
title = {Reformulation-linearization Method for Global Optimization of Mixed Integer Linear Fractional Programming Problems with Application on Sustainable Batch Scheduling},
editor = {Jiří Jaromír Klemeš and Petar Sabev Varbanov and Peng Yen Liew},
series = {Computer Aided Chemical Engineering},
publisher = {Elsevier},
volume = {33},
pages = {949-954},
year = {2014},
booktitle = {24th European Symposium on Computer Aided Process Engineering},
issn = {1570-7946},
doi = {https://doi.org/10.1016/B978-0-444-63456-6.50159-9},
url = {https://www.sciencedirect.com/science/article/pii/B9780444634566501599},
author = {Dajun Yue and Fengqi You},
keywords = {reformulation-linearization, mixed-integer linear fractional programming, MILFP, sustainable scheduling},
}